@online{latex_template,
	title        = {VUB LaTeX huisstijl},
	author       = {De Smet, Ruben},
	year         = 2020,
	url          = {https://gitlab.com/rubdos/texlive-vub},
	urldate      = {2020-11-02},
	note         = {GitHub commit: d91f55...}
}
@online{github_project,
	title        = {Reinforcement Learning at VUB 2021 - 2022},
	author       = {Bontinck, Lennert},
	year         = 2022,
	url          = {https://github.com/pikawika/VUB-RL},
	urldate      = {2022-06-06},
	note         = {GitHub commit: TODO}
}